<?xml version="1.0" encoding="UTF-8"?><collection xmlns="http://www.loc.gov/MARC21/slim"><record><leader>00383nam--2200133-i-4500</leader><controlfield tag="001">000039951</controlfield><controlfield tag="002">20161230</controlfield><controlfield tag="005">20161230201042</controlfield><controlfield tag="008">060222s1000------------r-----000-0-eng-d</controlfield><datafield ind1=" " ind2=" " tag="080"><subfield code="a">621.327.68:621.327.57:681.586.73</subfield></datafield><datafield ind1=" " ind2=" " tag="100"><subfield code="a">Sabins,Flowd F</subfield></datafield><datafield ind1=" " ind2=" " tag="245"><subfield code="a">Remote sensing. principles and interpretation</subfield></datafield><datafield ind1=" " ind2=" " tag="260"><subfield code="a">San Francisco, W.H.Freeman And Comp.,1978. Xi + 426 P</subfield></datafield><datafield ind1=" " ind2=" " tag="852"><subfield code="a">49198</subfield></datafield></record></collection>